@article{becke_multicenter_1988,
	title        = {A multicenter numerical integration scheme for polyatomic molecules},
	author       = {Becke, A. D.},
	journal      = {J. Chem. Phys.},
	year         = 1988,
	volume       = 88,
	pages        = {2547--2553},
	doi          = {10.1063/1.454033}
}
@book{varshalovich_quantum_1988,
	title        = {Quantum {Theory} of {Angular} {Momentum}},
	author       = {Varshalovich, D A and Moskalev, A N and Khersonskii, V K},
	year         = 1988,
	publisher    = {World Scientific},
	doi          = {10.1142/0270},
	isbn         = {978-9971-5-0107-5}
}
@book{helgaker_molecular_2000,
	title        = {Molecular {Electronic}‐{Structure} {Theory}},
	author       = {Helgaker, Trygve and Jørgensen, Poul and Olsen, Jeppe},
	year         = 2000,
	publisher    = {Wiley},
	doi          = {10.1002/9781119019572},
	isbn         = {978-0-471-96755-2},
	edition      = 1
}
@article{tong_theory_2002,
	title        = {Theory of molecular tunneling ionization},
	author       = {Tong, X. M. and Zhao, Z. X. and Lin, C. D.},
	journal      = {Phys. Rev. A},
	year         = 2002,
	volume       = 66,
	pages        = {033402},
	doi          = {10.1103/PhysRevA.66.033402}
}
@article{kjeldsen_role_2003,
	title        = {Role of symmetry in strong-field ionization of molecules},
	author       = {Kjeldsen, T. K. and Bisgaard, C. Z. and Madsen, L. B. and Stapelfeldt, H.},
	journal      = {Phys. Rev. A},
	year         = 2003,
	volume       = 68,
	pages        = {063407},
	doi          = {10.1103/PhysRevA.68.063407}
}
@article{kjeldsen_influence_2005,
	title        = {Influence of molecular symmetry on strong-field ionization: {Studies} on ethylene, benzene, fluorobenzene, and chlorofluorobenzene},
	author       = {Kjeldsen, Thomas K. and Bisgaard, Christer Z. and Madsen, Lars Bojer and Stapelfeldt, Henrik},
	journal      = {Phys. Rev. A},
	year         = 2005,
	volume       = 71,
	pages        = {013418},
	doi          = {10.1103/PhysRevA.71.013418}
}
@article{pavicic_direct_2007,
	title        = {Direct {Measurement} of the {Angular} {Dependence} of {Ionization} for $\mathrm{N_2}$, $\mathrm{O_2}$, and $\mathrm{CO_2}$ in {Intense} {Laser} {Fields}},
	author       = {Pavi\v{c}i\'{c}, Domagoj and Lee, Kevin F. and Rayner, D. M. and Corkum, P. B. and Villeneuve, D. M.},
	journal      = {Phys. Rev. Lett.},
	year         = 2007,
	volume       = 98,
	pages        = 243001,
	doi          = {10.1103/PhysRevLett.98.243001}
}
@article{krausz_attosecond_2009,
	title        = {Attosecond physics},
	author       = {Krausz, Ferenc and Ivanov, Misha},
	journal      = {Rev. Mod. Phys.},
	year         = 2009,
	volume       = 81,
	pages        = {163--234},
	doi          = {10.1103/RevModPhys.81.163}
}
@article{lin_strong-field_2010,
	title        = {Strong-field rescattering physics—self-imaging of a molecule by its own electrons},
	author       = {Lin, C D and Le, Anh-Thu and Chen, Zhangjin and Morishita, Toru and Lucchese, Robert},
	journal      = {J. Phys. B: At. Mol. Opt. Phys.},
	year         = 2010,
	volume       = 43,
	pages        = 122001,
	doi          = {10.1088/0953-4075/43/12/122001}
}
@article{tolstikhin_adiabatic_2010,
	title        = {Adiabatic theory of ionization of atoms by intense laser pulses: {One}-dimensional zero-range-potential model},
	author       = {Tolstikhin, Oleg I. and Morishita, Toru and Watanabe, Shinichi},
	journal      = {Phys. Rev. A},
	year         = 2010,
	volume       = 81,
	pages        = {033415},
	doi          = {10.1103/PhysRevA.81.033415}
}
@article{batishchev_atomic_2010,
	title        = {Atomic {Siegert} states in an electric field: {Transverse} momentum distribution of the ionized electrons},
	author       = {Batishchev, Pavel A. and Tolstikhin, Oleg I. and Morishita, Toru},
	journal      = {Phys. Rev. A},
	year         = 2010,
	volume       = 82,
	pages        = {023416},
	doi          = {10.1103/PhysRevA.82.023416}
}
@article{holmegaard_photoelectron_2010,
	title        = {Photoelectron angular distributions from strong-field ionization of oriented molecules},
	author       = {Holmegaard, Lotte and Hansen, Jonas L. and Kalhøj, Line and Louise Kragh, Sofie and Stapelfeldt, Henrik and Filsinger, Frank and Küpper, Jochen and Meijer, Gerard and Dimitrovski, Darko and Abu-samha, Mahmoud and Martiny, Christian P. J. and Bojer Madsen, Lars},
	journal      = {Nat. Phys.},
	year         = 2010,
	volume       = 6,
	pages        = {428--432},
	doi          = {10.1038/nphys1666}
}
@book{olver_nist_2010,
	title        = {The {NIST} {Handbook} of {Mathematical} {Functions}},
	author       = {Olver, Frank and Lozier, Daniel and Boisvert, Ronald and Clark, Charles},
	year         = 2010,
	publisher    = {Cambridge University Press},
	isbn         = {978-0-521-19225-5}
}
@article{tolstikhin_theory_2011,
	title        = {Theory of tunneling ionization of molecules: {Weak}-field asymptotics including dipole effects},
	author       = {Tolstikhin, Oleg I. and Morishita, Toru and Madsen, Lars Bojer},
	journal      = {Phys. Rev. A},
	year         = 2011,
	volume       = 84,
	pages        = {053423},
	doi          = {10.1103/PhysRevA.84.053423}
}
@article{tolstikhin_adiabatic_2012,
	title        = {Adiabatic theory of ionization by intense laser pulses: {Finite}-range potentials},
	author       = {Tolstikhin, Oleg I. and Morishita, Toru},
	journal      = {Phys. Rev. A},
	year         = 2012,
	volume       = 86,
	pages        = {043417},
	doi          = {10.1103/PhysRevA.86.043417}
}
@article{madsen_application_2012,
	title        = {Application of the weak-field asymptotic theory to the analysis of tunneling ionization of linear molecules},
	author       = {Madsen, Lars Bojer and Tolstikhin, Oleg I. and Morishita, Toru},
	journal      = {Phys. Rev. A},
	year         = 2012,
	volume       = 85,
	pages        = {053404},
	doi          = {10.1103/PhysRevA.85.053404}
}
@article{madsen_structure_2013,
	title        = {Structure factors for tunneling ionization rates of molecules},
	author       = {Madsen, Lars Bojer and Jensen, Frank and Tolstikhin, Oleg I. and Morishita, Toru},
	journal      = {Phys. Rev. A},
	year         = 2013,
	volume       = 87,
	pages        = {013406},
	doi          = {10.1103/PhysRevA.87.013406},
}
@article{trinh_first-order_2013,
	title        = {First-order correction terms in the weak-field asymptotic theory of tunneling ionization},
	author       = {Trinh, Vinh H. and Tolstikhin, Oleg I. and Madsen, Lars Bojer and Morishita, Toru},
	journal      = {Phys. Rev. A},
	year         = 2013,
	volume       = 87,
	pages        = {043426},
	doi          = {10.1103/PhysRevA.87.043426}
}
@article{madsen_application_2014,
	title        = {Application of the weak-field asymptotic theory to tunneling ionization of $\mathrm{H_2 O}$},
	author       = {Madsen, Lars Bojer and Jensen, Frank and Tolstikhin, Oleg I. and Morishita, Toru},
	journal      = {Phys. Rev. A},
	year         = 2014,
	volume       = 89,
	pages        = {033412},
	doi          = {10.1103/PhysRevA.89.033412}
}
@article{tolstikhina_application_2014,
	title        = {Application of the many-electron weak-field asymptotic theory of tunneling ionization to atoms},
	author       = {Tolstikhina, Inga Yu. and Morishita, Toru and Tolstikhin, Oleg I.},
	journal      = {Phys. Rev. A},
	year         = 2014,
	volume       = 90,
	pages        = {053413},
	doi          = {10.1103/PhysRevA.90.053413}
}
@article{trinh_weak-field_2015,
	title        = {Weak-field asymptotic theory of tunneling ionization including the first-order correction terms: {Application} to molecules},
	author       = {Trinh, Vinh H. and Pham, Vinh N. T. and Tolstikhin, Oleg I. and Morishita, Toru},
	journal      = {Phys. Rev. A},
	year         = 2015,
	volume       = 91,
	pages        = {063410},
	doi          = {10.1103/PhysRevA.91.063410}
}
@article{saito_structure_2015,
	title        = {Structure factors for tunneling ionization rates of diatomic molecules},
	author       = {Saito, Ryoichi and Tolstikhin, Oleg I. and Madsen, Lars Bojer and Morishita, Toru},
	journal      = {At. Data Nucl. Data Tables},
	year         = 2015,
	volume       = {103-104},
	pages        = {4--49},
	doi          = {10.1016/j.adt.2015.02.001}
}
@article{johansen_alignment-dependent_2016,
	title        = {Alignment-dependent strong-field ionization yields of carbonyl sulfide molecules induced by mid-infrared laser pulses},
	author       = {Johansen, Rasmus and Bay, Kathrine Glerup and Christensen, Lauge and Thøgersen, Jan and Dimitrovski, Darko and Madsen, Lars Bojer and Stapelfeldt, Henrik},
	journal      = {J. Phys. B: At. Mol. Opt. Phys.},
	year         = 2016,
	volume       = 49,
	pages        = 205601,
	doi          = {10.1088/0953-4075/49/20/205601}
}
@article{svensmark_theory_2016,
	title        = {Theory of dissociative tunneling ionization},
	author       = {Svensmark, Jens and Tolstikhin, Oleg I. and Madsen, Lars Bojer},
	journal      = {Phys. Rev. A},
	year         = 2016,
	volume       = 93,
	pages        = {053426},
	doi          = {10.1103/PhysRevA.93.053426}
}
@article{madsen_structure_2017,
	title        = {Structure factors for tunneling ionization rates of molecules: {General} {Hartree}-{Fock}-based integral representation},
	author       = {Madsen, Lars Bojer and Jensen, Frank and Dnestryan, Andrey I. and Tolstikhin, Oleg I.},
	journal      = {Phys. Rev. A},
	year         = 2017,
	volume       = 96,
	pages        = {013423},
	doi          = {10.1103/PhysRevA.96.013423}
}
@article{dnestryan_structure_2018,
	title        = {Structure factors for tunneling ionization rates of molecules: {General} grid-based methodology and convergence studies},
	author       = {Dnestryan, Andrey I. and Tolstikhin, Oleg I. and Madsen, Lars Bojer and Jensen, Frank},
	journal      = {J. Chem. Phys.},
	year         = 2018,
	volume       = 149,
	pages        = 164107,
	doi          = {10.1063/1.5046902}
}
@article{samygin_weak-field_2018,
	title        = {Weak-field asymptotic theory of tunneling ionization from nearly degenerate states},
	author       = {Samygin, Pavel K. and Morishita, Toru and Tolstikhin, Oleg I.},
	journal      = {Phys. Rev. A},
	year         = 2018,
	volume       = 98,
	pages        = {033401},
	doi          = {10.1103/PhysRevA.98.033401}
}
@article{sun_pyscf_2018,
	title        = {{PySCF}: the {Python}‐based simulations of chemistry framework},
	author       = {Sun, Qiming and Berkelbach, Timothy C. and Blunt, Nick S. and Booth, George H. and Guo, Sheng and Li, Zhendong and Liu, Junzi and McClain, James D. and Sayfutyarova, Elvira R. and Sharma, Sandeep and Wouters, Sebastian and Chan, Garnet Kin‐Lic},
	journal      = {WIREs Comput. Mol. Sci.},
	year         = 2018,
	volume       = 8,
    pages        = {e1340},
	doi          = {10.1002/wcms.1340},
}
@article{sun_recent_2020,
	title        = {Recent developments in the {PySCF} program package},
	author       = {Sun, Qiming and Zhang, Xing and Banerjee, Samragni and Bao, Peng and Barbry, Marc and Blunt, Nick S. and Bogdanov, Nikolay A. and Booth, George H. and Chen, Jia and Cui, Zhi-Hao and Eriksen, Janus J. and Gao, Yang and Guo, Sheng and Hermann, Jan and Hermes, Matthew R. and Koh, Kevin and Koval, Peter and Lehtola, Susi and Li, Zhendong and Liu, Junzi and Mardirossian, Narbe and McClain, James D. and Motta, Mario and Mussard, Bastien and Pham, Hung Q. and Pulkin, Artem and Purwanto, Wirawan and Robinson, Paul J. and Ronca, Enrico and Sayfutyarova, Elvira R. and Scheurer, Maximilian and Schurkus, Henry F. and Smith, James E. T. and Sun, Chong and Sun, Shi-Ning and Upadhyay, Shiv and Wagner, Lucas K. and Wang, Xiao and White, Alec and Whitfield, James Daniel and Williamson, Mark J. and Wouters, Sebastian and Yang, Jun and Yu, Jason M. and Zhu, Tianyu and Berkelbach, Timothy C. and Sharma, Sandeep and Sokolov, Alexander Yu. and Chan, Garnet Kin-Lic},
	journal      = {J. Chem. Phys.},
	year         = 2020,
	volume       = 153,
	pages        = {024109},
	doi          = {10.1063/5.0006074},
}
@article{jensen_polarization_2001,
	title        = {Polarization consistent basis sets: {Principles}},
	author       = {Jensen, Frank},
	journal      = {J. Chem. Phys.},
	year         = 2001,
	volume       = 115,
	pages        = {9113--9125},
	doi          = {10.1063/1.1413524},
}
@article{jensen_polarization_2002,
	title        = {Polarization consistent basis sets. {II}. {Estimating} the {Kohn}–{Sham} basis set limit},
	author       = {Jensen, Frank},
	journal      = {J. Chem. Phys.},
	year         = 2002,
	volume       = 116,
	pages        = {7372--7379},
	doi          = {10.1063/1.1465405},
}
@article{keldysh_ionization_1965,
	title        = {{Ionization in the Field of a Strong Electromagnetic Wave}},
	author       = {Keldysh, Lyudmila V.},
	journal      = {Sov. Phys. JETP},
	year         = 1965,
	volume       = 20,
	pages        = 1307
}
@article{agostini_free_1979,
	title        = {{Free-Free Transitions Following Six-Photon Ionization of Xenon Atoms}},
	author       = {Agostini, P. and Fabre, F. and Mainfray, G. and Petite, G. and Rahman, N. K.},
	journal      = {Phys. Rev. Lett.},
	year         = 1979,
	volume       = 42,
	pages        = {1127--1130},
	doi          = {10.1103/PhysRevLett.42.1127}
}
@article{ammosov_tunnel_1986,
	title        = {{Tunnel ionization of complex atoms and of atomic ions in an alternating electromagnetic field}},
	author       = {Ammosov, M. V. and Delone, N. B. and Krainov, V. P.},
	journal      = {Sov. Phys. JETP},
	year         = 1986,
	volume       = 64,
	pages        = 1191,
}
@article{krause_high_1992,
	title        = {{High-order harmonic generation from atoms and ions in the high intensity regime}},
	author       = {Krause, Jeffrey L. and Schafer, Kenneth J. and Kulander, Kenneth C.},
	journal      = {Phys. Rev. Lett.},
	year         = 1992,
	volume       = 68,
	pages        = {3535--3538},
	doi          = {10.1103/PhysRevLett.68.3535}
}
@article{corkum_plasma_1993,
	title        = {{Plasma perspective on strong field multiphoton ionization}},
	author       = {Corkum, P. B.},
	journal      = {Phys. Rev. Lett.},
	year         = 1993,
	volume       = 71,
	pages        = {1994--1997},
	doi          = {10.1103/PhysRevLett.71.1994}
}
@article{walker_precision_1994,
	title        = {{Precision Measurement of Strong Field Double Ionization of Helium}},
	author       = {Walker, B. and Sheehy, B. and DiMauro, L. F. and Agostini, P. and Schafer, K. J. and Kulander, K. C.},
	journal      = {Phys. Rev. Lett.},
	year         = 1994,
	volume       = 73,
	pages        = {1227--1230},
	doi          = {10.1103/PhysRevLett.73.1227}
}
@article{delone_tunneling_1998,
	title        = {{Tunneling and barrier-suppression ionization of atoms and ions in a laser radiation field}},
	author       = {Delone, N. B. and Krainov, Vladimir P.},
	journal      = {Phys. Usp.},
	year         = 1998,
	volume       = 41,
	pages        = 469,
	doi          = {10.1070/PU1998v041n05ABEH000393}
}
@article{becker_above_2002,
	title        = {{Above-Threshold Ionization: From Classical Features to Quantum Effects}},
	author       = {Becker, W. and Grasbon, F. and Kopold, R. and Milo{\v{s}}evi{\'{c}}, D.B. and Paulus, G.G. and Walther, H.},
	journal      = {Adv. At. Mol. Opt. Phys.},
	year         = 2002,
	volume       = 48,
	pages        = {35--98},
	doi          = {10.1016/S1049-250X(02)80006-4}
}
@book{chin_from_2004,
	title        = {{From Multiphoton to Tunnel Ionization}},
	author       = {Chin, S. L.},
	year         = 2004,
	publisher    = {WORLD SCIENTIFIC},
	volume       = {Volume 16},
	pages        = {249--271},
	doi          = {10.1142/9789812796585_0003},
	isbn         = {978-981-256-031-5},
	series       = {Advances in Multi-Photon Processes and Spectroscopy},
}
@article{milosevic_above_2006,
	title        = {{Above-threshold ionization by few-cycle pulses}},
	author       = {Milo{\v{s}}evi{\'{c}}, D. B. and Paulus, G. G. and Bauer, D. and Becker, W.},
	journal      = {J. Phys. B},
	year         = 2006,
	volume       = 39,
	pages        = {R203},
	doi          = {10.1088/0953-4075/39/14/R01}
}
@article{popmintchev_the_2010,
	title        = {{The attosecond nonlinear optics of bright coherent X-ray generation}},
	author       = {Popmintchev, Tenio and Chen, Ming-Chang and Arpin, Paul and Murnane, Margaret M. and Kapteyn, Henry C.},
	journal      = {Nat. Photon.},
	year         = 2010,
	volume       = 4,
	pages        = {822--832},
	doi          = {10.1038/nphoton.2010.256}
}
@article{blaga_imaging_2012,
	title        = {Imaging ultrafast molecular dynamics with laser-induced electron diffraction},
	author       = {Blaga, Cosmin I. and Xu, Junliang and DiChiara, Anthony D. and Sistrunk, Emily and Zhang, Kaikai and Agostini, Pierre and Miller, Terry A. and DiMauro, Louis F. and Lin, C. D.},
	journal      = {Nature},
	year         = 2012,
	volume       = 483,
	pages        = {194--197},
	doi          = {10.1038/nature10820}
}
@article{dahlstroem_introduction_2012,
	title        = {{Introduction to attosecond delays in photoionization}},
	author       = {Dahlstr{\"{o}}m, J. M. and L'Huillier, A. and Maquet, A.},
	journal      = {J. Phys. B},
	year         = 2012,
	volume       = 45,
	pages        = 183001,
	doi          = {10.1088/0953-4075/45/18/183001}
}
@article{pazourek_attosecond_2015,
	title        = {{Attosecond chronoscopy of photoemission}},
	author       = {Pazourek, Renate and Nagele, Stefan and Burgd{\"{o}}rfer, Joachim},
	journal      = {Rev. Mod. Phys.},
	year         = 2015,
	volume       = 87,
	pages        = {765--802},
	doi          = {10.1103/RevModPhys.87.765}
}
@article{wolter_ultrafast_2016,
	title        = {{Ultrafast electron diffraction imaging of bond breaking in di-ionized acetylene}},
	author       = {Wolter, B. and Pullen, M. G. and Le, A.-T. and Baudisch, M. and Doblhoff-Dier, K. and Senftleben, A. and Hemmer, M. and Schr{\"{o}}ter, C. D. and Ullrich, J. and Pfeifer, T. and Moshammer, R. and Gr{\"{a}}fe, S. and Vendrell, O. and Lin, C. D. and Biegert, J.},
	journal      = {Science},
	year         = 2016,
	volume       = 354,
	pages        = {308--312},
	doi          = {10.1126/science.aah3429}
}
@article{zhao_accurate_2017,
	title        = {{Accurate Structure Parameters for Tunneling Ionization Rates of Gas-Phase Linear Molecules}},
	author       = {Zhao, Song-Feng and Li, Jian-Ke and Wang, Guo-Li and Li, Peng-Cheng and Zhou, Xiao-Xin},
	journal      = {Commun. Theo. Phys.},
	year         = 2017,
	volume       = 67,
	pages        = 289,
	doi          = {10.1088/0253-6102/67/3/289}
}
@article{ma_transient_2021,
	title        = {{Transient Valence Charge Localization in Strong-Field Dissociative Ionization of HCl Molecules}},
	author       = {Ma, Junyang and Xu, Liang and Ni, Hongcheng and Lu, Chenxu and Zhang, Wenbin and Lu, Peifen and Wen, Jin and He, Feng and Faucher, Olivier and Wu, Jian},
	journal      = {Phys. Rev. Lett.},
	year         = 2021,
	volume       = 127,
	pages        = 183201,
	doi          = {10.1103/PhysRevLett.127.183201}
}
@article{li_light_2022,
	title        = {{Light-Induced Ultrafast Molecular Dynamics: From Photochemistry to Optochemistry}},
	author       = {Li, Hui and Gong, Xiaochun and Ni, Hongcheng and Lu, Peifen and Luo, Xiao and Wen, Jin and Yang, Youjun and Qian, Xuhong and Sun, Zhenrong and Wu, Jian},
	journal      = {J. Phys. Chem. Lett.},
	year         = 2022,
	volume       = 13,
	pages        = {5881--5893},
	doi          = {10.1021/acs.jpclett.2c01119}
}
@article{kheifets_wigner_2023,
	title        = {{Wigner time delay in atomic photoionization}},
	author       = {Kheifets, Anatoli S},
	journal      = {J. Phys. B},
	year         = 2023,
	volume       = 56,
	pages        = {022001},
	doi          = {10.1088/1361-6455/acb188}
}

